<?xml version = "1.0" encoding = "UTF-8"?><record>
  <leader>01750ngm#a2200289#c#4500</leader>
  <controlfield tag="005">20210408131831.0</controlfield>
  <controlfield tag="007">vf#||||||</controlfield>
  <controlfield tag="008">010221|1988####xx#|||############v|####c</controlfield>
  <controlfield tag="003">DE-605</controlfield>
  <controlfield tag="001">990117823180206441</controlfield>
  <datafield tag="016" ind1="7" ind2=" ">
    <subfield code="a">1071509912</subfield>
    <subfield code="2">OCoLC</subfield>
  </datafield>
  <datafield tag="020" ind1=" " ind2=" ">
    <subfield code="c">30,- engl. Pfd.</subfield>
  </datafield>
  <datafield tag="035" ind1=" " ind2=" ">
    <subfield code="a">(DE-605)TT000000489</subfield>
  </datafield>
  <datafield tag="040" ind1=" " ind2=" ">
    <subfield code="a">Kn 41</subfield>
    <subfield code="b">ger</subfield>
  </datafield>
  <datafield tag="245" ind1="0" ind2="0">
    <subfield code="a">Play Hockey Slazenger Style</subfield>
    <subfield code="h">Bildtontr&#228;ger</subfield>
    <subfield code="c">David Whitaker [Realisation]; Dunlop Slazenger Int. Ltd. and The Hockey Association [Produzent]</subfield>
  </datafield>
  <datafield tag="264" ind1=" " ind2="1">
    <subfield code="a">Gro&#223;britannien</subfield>
    <subfield code="b">The Hockey Association (Verkauf)</subfield>
    <subfield code="c">1988</subfield>
  </datafield>
  <datafield tag="300" ind1=" " ind2=" ">
    <subfield code="a">1 Videokassette, 47 min.</subfield>
    <subfield code="b">farb., Ton-engl.</subfield>
  </datafield>
  <datafield tag="344" ind1=" " ind2=" ">
    <subfield code="a">VHS</subfield>
  </datafield>
  <datafield tag="500" ind1=" " ind2=" ">
    <subfield code="a">The Hockey Association (Verkauf; 30,- engl. Pfd.)</subfield>
    <subfield code="9">F:511</subfield>
  </datafield>
  <datafield tag="520" ind1=" " ind2=" ">
    <subfield code="a">... - Hillmann: David Whitaker, Coaching Director des englischen Hockeyverbandes, zeigt mit Spielszenen der Herren- und Damennationalmannschaften (World Cup 1986; Ladies European Cup 1987; Lada Classics 1987) die hockeytechnischen Grundfertigkeiten Ballf&#252;hrung, Umspielen, Ballabgabe und Ballannahme. Im Anschlu&#223; an die Spielszenen werden die Hauptbewegungsmerkmale und didaktisch-methodisch geordnete Trainingsformen mit Kinder- und Jugendmannschaften vorgestellt. Die Erarbeitung der taktischen F&#228;higkeiten in Kleinfeldspielen (2:1, 3:1, 4:2, 4:4) mit zwei Toren sowie im Mini-Hockey schlie&#223;en sich an. Die Abschnitte Torschu&#223;training und Torwarttraining bilden zeitlich und inhaltlich den abschlie&#223;enden Schwerpunkt.</subfield>
  </datafield>
  <datafield tag="546" ind1=" " ind2=" ">
    <subfield code="a">engl.</subfield>
  </datafield>
  <datafield tag="700" ind1="1" ind2=" ">
    <subfield code="a">Whitaker, David</subfield>
    <subfield code="4">oth</subfield>
    <subfield code="e">Realisation</subfield>
  </datafield>
  <datafield tag="710" ind1="2" ind2=" ">
    <subfield code="a">Dunlop Slazenger Int. Ltd. and The Hockey Association</subfield>
    <subfield code="4">oth</subfield>
  </datafield>
  <datafield tag="964" ind1="0" ind2="s">
    <subfield code="F">030</subfield>
    <subfield code="A">a|1uz||z|||37</subfield>
  </datafield>
  <datafield tag="964" ind1="0" ind2="s">
    <subfield code="F">050</subfield>
    <subfield code="A">|||||ca|||||||</subfield>
  </datafield>
  <datafield tag="964" ind1="0" ind2="s">
    <subfield code="F">051</subfield>
    <subfield code="A">m|||||||</subfield>
  </datafield>
  <datafield tag="035" ind1=" " ind2=" ">
    <subfield code="a">(OCoLC)1071509912</subfield>
    <subfield code="0">(uri) http://www.worldcat.org/oclc/1071509912</subfield>
  </datafield>
  <datafield tag="MBD" ind1=" " ind2=" ">
    <subfield code="M">49HBZ_NETWORK</subfield>
    <subfield code="i">990117823180206441</subfield>
    <subfield code="n">HBZ Network</subfield>
  </datafield>
  <datafield tag="MNG" ind1=" " ind2=" ">
    <subfield code="c">System</subfield>
    <subfield code="f">ILS</subfield>
    <subfield code="i">marc21</subfield>
    <subfield code="k">01</subfield>
    <subfield code="e">false</subfield>
    <subfield code="d">2021-04-08 13:18:31 Europe/Berlin</subfield>
    <subfield code="g">011782318-HBZ01</subfield>
    <subfield code="j">50</subfield>
    <subfield code="a">import</subfield>
    <subfield code="b">2021-04-05 17:33:26 Europe/Berlin</subfield>
  </datafield>
</record>